% This file was created with JabRef 2.10b2.
% Encoding: UTF-8


@Book{national1995diabetes,
  Title                    = {Diabetes in America},
  Author                   = {National Diabetes Data Group (US) and National Institute of Diabetes and Digestive and Kidney Diseases (US) and National Institutes of Health (US)},
  Publisher                = {National Institutes of Health, National Institute of Diabetes and Digestive and Kidney Diseases},
  Year                     = {1995},
  Number                   = {95}
}

@Article{abramoff2010retinal,
  Title                    = {Retinal imaging and image analysis},
  Author                   = {Abr{\`a}moff, Michael D and Garvin, Mona K and Sonka, Milan},
  Journal                  = {Biomedical Engineering, IEEE Reviews in},
  Year                     = {2010},
  Pages                    = {169--208},
  Volume                   = {3},

  Publisher                = {IEEE}
}

@Article{alhazen1989book,
  Title                    = {Book of optics},
  Author                   = {Alhazen, I},
  Journal                  = {The optics of Ibn-Haytham},
  Year                     = {1989},
  Pages                    = {965--1040},
  Volume                   = {1},

  Publisher                = {University of London, Warburg Institute London}
}

@Article{alsaih2016classification,
  Title                    = {Classification of SD-OCT volumes with multi pyramids, LBP and HOG descriptors: application to DME detections},
  Author                   = {Alsaih, Khaled and Lema{\^\i}tre, Guillaume and Vall, Joan Massich and Rastgoo, Mojdeh and Sidib{\'e}, D{\'e}sir{\'e} and Wong, Tien Y and Lamoureux, Ecosse and Milea, Dan and Cheung, Carol Y and M{\'e}riaudeau, Fabrice},
  Year                     = {2016},

  Booktitle                = {38th IEEE Engineering in Medicine and Biology Society (EMBC)}
}

@Article{alsaih2016classification2,
  Title                    = {Machine Learning Techniques for DME Classification on SD-OCT images},
  Author                   = {Alsaih, Khaled and Lema{\^i}tre, Guillaume and Vall, Joan Massich and Rastgoo, Mojdeh and Sidib{\'e}, D{\'e}sir{\'e} and M{\'e}riaudeau, Fabrice},
  Year                     = {2016},

  Booktitle                = {23rd International Conference on Pattern Recognition (ICPR)(Submitted)}
}

@Article{atlas2013international,
  Title                    = {International Diabetes Federation, 2009},
  Author                   = {Atlas, Diabetes},
  Journal                  = {Online version of Diabetes Atlas: www. eatlas. idf. org},
  Year                     = {2013}
}

@Article{bandello2010diabetic,
  Title                    = {Diabetic macular edema},
  Author                   = {Bandello, F and Battaglia Parodi, M and Lanzetta, P and Loewenstein, A and Massin, P and Menchini, F and Veritti, D},
  Year                     = {2010},

  Publisher                = {Karger Publishers}
}

@Article{beagley2014global,
  Title                    = {Global estimates of undiagnosed diabetes in adults},
  Author                   = {Beagley, Jessica and Guariguata, Leonor and Weil, Clara and Motala, Ayesha A},
  Journal                  = {Diabetes research and clinical practice},
  Year                     = {2014},
  Number                   = {2},
  Pages                    = {150--160},
  Volume                   = {103},

  Publisher                = {Elsevier}
}

@Article{bressler1988age,
  Title                    = {Age-related macular degeneration},
  Author                   = {Bressler, Neil M and Bressler, Susan B and Fine, Stuart L},
  Journal                  = {Survey of ophthalmology},
  Year                     = {1988},
  Number                   = {6},
  Pages                    = {375--413},
  Volume                   = {32},

  Publisher                = {Elsevier}
}

@Article{cense2006ultra,
  Title                    = {Ultra-high speed and ultra-high resolution spectral-domain optical coherence tomography and optical Doppler tomography in ophthalmology},
  Author                   = {Cense, B and Chen, TC and Nassif, N and Pierce, MC and Yun, SH and Park, BH and Bouma, BE and Tearney, GJ and De Boer, JF},
  Journal                  = {BULLETIN-SOCIETE BELGE D OPHTALMOLOGIE},
  Year                     = {2006},
  Pages                    = {123},
  Volume                   = {302},

  Publisher                = {Soci{\'e}t{\'e} belge d'ophtalmologie}
}

@Article{cense2004ultrahigh,
  Title                    = {Ultrahigh-resolution high-speed retinal imaging using spectral-domain optical coherence tomography},
  Author                   = {Cense, Barry and Nassif, Nader A and Chen, Teresa C and Pierce, Mark C and Yun, Seok-Hyun and Park, B Hyle and Bouma, Brett E and Tearney, Guillermo J and de Boer, Johannes F},
  Journal                  = {Optics Express},
  Year                     = {2004},
  Number                   = {11},
  Pages                    = {2435--2447},
  Volume                   = {12},

  Publisher                = {Optical Society of America}
}

@Article{retina1983classification,
  Title                    = {The classification of retinal detachment with proliferative vitreoretinopathy},
  Author                   = {Retina Society Terminology Committee and others},
  Journal                  = {Ophthalmology},
  Year                     = {1983},
  Number                   = {2},
  Pages                    = {121--125},
  Volume                   = {90},

  Publisher                = {Elsevier}
}

@Article{cusumano1998three,
  Title                    = {Three-dimensional ultrasound imaging: clinical applications},
  Author                   = {Cusumano, Andrea and Coleman, D Jackson and Silverman, Ronald H and Reinstein, Dan Z and Rondeau, Mark J and Ursea, Roxana and Daly, Suzanne M and Lloyd, Harriet O},
  Journal                  = {Ophthalmology},
  Year                     = {1998},
  Number                   = {2},
  Pages                    = {300--306},
  Volume                   = {105},

  Publisher                = {Elsevier}
}

@Article{dabov2007image,
  Title                    = {Image denoising by sparse 3-D transform-domain collaborative filtering},
  Author                   = {Dabov, Kostadin and Foi, Alessandro and Katkovnik, Vladimir and Egiazarian, Karen},
  Journal                  = {Image Processing, IEEE Transactions on},
  Year                     = {2007},
  Number                   = {8},
  Pages                    = {2080--2095},
  Volume                   = {16},

  Publisher                = {IEEE}
}

@Article{fernandez2010obesity,
  Title                    = {Obesity is related to increased menopausal symptoms among Spanish women},
  Author                   = {Fern{\'a}ndez-Alonso, Ana M and Cuadros, Jos{\'e} L and Chedraui, Peter and Mendoza, Marcela and Cuadros, {\'A}ngela M and P{\'e}rez-L{\'o}pez, Faustino R},
  Journal                  = {Menopause international},
  Year                     = {2010},
  Number                   = {3},
  Pages                    = {105--110},
  Volume                   = {16},

  Publisher                = {SAGE Publications}
}

@Article{venhuizen2015autCNN,
  Title                    = {Vendor Independent Cyst Segmentation in Retinal SD-OCT Volumes using a Combination of Multiple Scale Convolutional Neural Networks},
  Author                   = {Freerk G. Venhuizen, Mark J.J.P. van Grinsven, Carel B. Hoyng, Thomas Theelen, Bram van Ginneken and Clara I. S ÃÅanchez},
  Year                     = {2015},
  Pages                    = {94141I--94141I},

  Booktitle                = {SPIE Medical Imaging},
  Organization             = {International Society for Optics and Photonics}
}

@Article{gray2008vivo,
  Title                    = {In vivo imaging of the fine structure of rhodamine-labeled macaque retinal ganglion cells},
  Author                   = {Gray, Daniel C and Wolfe, Robert and Gee, Bernard P and Scoles, Drew and Geng, Ying and Masella, Benjamin D and Dubra, Alfredo and Luque, Sergio and Williams, David R and Merigan, William H},
  Journal                  = {Investigative ophthalmology \& visual science},
  Year                     = {2008},
  Number                   = {1},
  Pages                    = {467--473},
  Volume                   = {49},

  Publisher                = {The Association for Research in Vision and Ophthalmology}
}

@Article{group1998comparison,
  Title                    = {Comparison of glaucomatous progression between untreated patients with normal-tension glaucoma and patients with therapeutically reduced intraocular pressures},
  Author                   = {Group, Collaborative Normal-Tension Glaucoma Study and others},
  Journal                  = {American journal of ophthalmology},
  Year                     = {1998},
  Number                   = {4},
  Pages                    = {487--497},
  Volume                   = {126},

  Publisher                = {Elsevier}
}

@Article{hockwin1987measuring,
  Title                    = {Measuring lens transparency by Scheimpflug photography of the anterior eye segment: principle, instrumentation, and application to clinical and experimental ophthalmology},
  Author                   = {Hockwin, Otto and Dragomirescu, Viorel and Laser, Heike and Wegener, Alfred and Eckerskorn, Ursula},
  Journal                  = {Journal of Toxicology: Cutaneous and Ocular Toxicology},
  Year                     = {1987},
  Number                   = {4},
  Pages                    = {251--271},
  Volume                   = {6},

  Publisher                = {Taylor \& Francis}
}

@Book{jackson2005user,
  Title                    = {A user's guide to principal components},
  Author                   = {Jackson, J Edward},
  Publisher                = {John Wiley \& Sons},
  Year                     = {2005},
  Volume                   = {587}
}

@Article{jakobs2005retinal,
  Title                    = {Retinal ganglion cell degeneration is topological but not cell type specific in DBA/2J mice},
  Author                   = {Jakobs, Tatjana C and Libby, Richard T and Ben, Yixin and John, Simon WM and Masland, Richard H},
  Journal                  = {The Journal of cell biology},
  Year                     = {2005},
  Number                   = {2},
  Pages                    = {313--325},
  Volume                   = {171},

  Publisher                = {Rockefeller Univ Press}
}

@Article{JoanMassich2016,
  Title                    = {Classifying DME vs Normal SD-OCT volumes: A review},
  Author                   = {Joan Massich, Mojdeh Rastgoo, Guillaume Lema{\^i}tre, Carol Y. Cheung, Tien Y. Wong, Desire Sidibe, Fabrice Meriaudeau},
  Year                     = {2016},

  Booktitle                = {ICPR submitted}
}

@Article{jonas1992count,
  Title                    = {Count and density of human retinal photoreceptors},
  Author                   = {Jonas, Jost B and Schneider, Ulrike and Naumann, Gottfried OH},
  Journal                  = {Graefe's archive for clinical and experimental ophthalmology},
  Year                     = {1992},
  Number                   = {6},
  Pages                    = {505--510},
  Volume                   = {230},

  Publisher                = {Springer}
}

@Article{Karthik2015Optima,
  Title                    = {Domain knowledge assisted cyst segmentation in OCT retinal images},
  Author                   = {Karthik Gopinath, Jayanthi Sivaswamy},
  Year                     = {2015},

  Booktitle                = {SPIE Medical Imaging},
  Organization             = {RIAG, India}
}

@Article{kim2007assessment,
  Title                    = {Assessment of subconjunctival and intrascleral drug delivery to the posterior segment using dynamic contrast-enhanced magnetic resonance imaging},
  Author                   = {Kim, Stephanie H and Galb{\'a}n, Craig J and Lutz, Robert J and Dedrick, Robert L and Csaky, Karl G and Lizak, Martin J and Wang, Nam Sun and Tansey, Ginger and Robinson, Michael R},
  Journal                  = {Investigative ophthalmology \& visual science},
  Year                     = {2007},
  Number                   = {2},
  Pages                    = {808--814},
  Volume                   = {48},

  Publisher                = {The Association for Research in Vision and Ophthalmology}
}

@Article{klein1982cataracts,
  Title                    = {Cataracts and macular degeneration in older Americans},
  Author                   = {Klein, Barbara E and Klein, Ronald},
  Journal                  = {Archives of Ophthalmology},
  Year                     = {1982},
  Number                   = {4},
  Pages                    = {571},
  Volume                   = {100},

  Publisher                = {Am Med Assoc}
}

@Article{lemaitre2015classification,
  Title                    = {Classification of SD-OCT Volumes with LBP: Application to DME Detection},
  Author                   = {Lema{\^i}tre, Guillaume and Rastgoo, Mojdeh and Massich, Joan and Sankar, Shrinivasan and M{\'e}riaudeau, Fabrice and Sidib{\'e}, D{\'e}sir{\'e}},
  Year                     = {2015}
}

@Article{liou2014autoencoder,
  Title                    = {Autoencoder for words},
  Author                   = {Liou, Cheng-Yuan and Cheng, Wei-Chen and Liou, Jiun-Wei and Liou, Daw-Ran},
  Journal                  = {Neurocomputing},
  Year                     = {2014},
  Pages                    = {84--96},
  Volume                   = {139},

  Publisher                = {Elsevier}
}

@Article{liu2011automated,
  Title                    = {Automated macular pathology diagnosis in retinal OCT images using multi-scale spatial pyramid and local binary patterns in texture and shape encoding},
  Author                   = {Liu, Yu-Ying and Chen, Mei and Ishikawa, Hiroshi and Wollstein, Gadi and Schuman, Joel S and Rehg, James M},
  Journal                  = {Medical image analysis},
  Year                     = {2011},
  Number                   = {5},
  Pages                    = {748--759},
  Volume                   = {15},

  Publisher                = {Elsevier}
}

@Article{LuisdeSisternes2015Optima,
  Title                    = {A Machine Learning Aproach for Device-Independent Automated Segmentation of Retinal Cysts in Spectral Domain Optical Cohorence Tomography Images},
  Author                   = {Luis de Sisternes, Jerry Hong, Theodore Leng, Daniel L. Rubin},
  Year                     = {2015},

  Booktitle                = {SPIE Medical Imaging},
  Organization             = {Optima Labratory}
}

@Article{Mahdad2015Optima,
  Title                    = {3D Segmentation of Retinal Cysts from SD-OCT Images by the Use of three dimensional curvelet based K-SVD},
  Author                   = {Mahdad Esmaeili, Alireza Mehri Dehnavi, Hossein Rabbani, Fedra Hajizadeh},
  Year                     = {2015},

  Booktitle                = {SPIE Medical Imaging},
  Organization             = {Isfahan University of Medical Sciences, Isfahan, Iran}
}

@Article{matas2004robust,
  Title                    = {Robust wide-baseline stereo from maximally stable extremal regions},
  Author                   = {Matas, Jiri and Chum, Ondrej and Urban, Martin and Pajdla, Tom{\'a}s},
  Journal                  = {Image and vision computing},
  Year                     = {2004},
  Number                   = {10},
  Pages                    = {761--767},
  Volume                   = {22},

  Publisher                = {Elsevier}
}

@Article{mccaa1982eye,
  Title                    = {The eye and visual nervous system: anatomy, physiology and toxicology.},
  Author                   = {McCaa, Connie S},
  Journal                  = {Environmental health perspectives},
  Year                     = {1982},
  Pages                    = {1},
  Volume                   = {44},

  Publisher                = {National Institute of Environmental Health Science}
}

@Book{mitchell1998introduction,
  Title                    = {An introduction to genetic algorithms},
  Author                   = {Mitchell, Melanie},
  Publisher                = {MIT press},
  Year                     = {1998}
}

@Article{oguz2016optimal,
  Title                    = {Optimal retinal cyst segmentation from OCT images},
  Author                   = {Oguz, Ipek and Zhang, Li and Abr{\`a}moff, Michael D and Sonka, Milan},
  Year                     = {2016},
  Pages                    = {97841E--97841E},

  Booktitle                = {SPIE Medical Imaging},
  Organization             = {International Society for Optics and Photonics}
}

@Article{oshiro2012many,
  Title                    = {How many trees in a random forest?},
  Author                   = {Oshiro, Thais Mayumi and Perez, Pedro Santoro and Baranauskas, Jos{\'e} Augusto},
  Year                     = {2012},
  Pages                    = {154--168},

  Booktitle                = {MLDM},
  Organization             = {Springer}
}

@Article{sankar2016classification,
  Title                    = {Classification of SD-OCT volumes for DME detection: an anomaly detection approach},
  Author                   = {Sankar, S and Sidib{\'e}, D and Cheung, Y and Wong, TY and Lamoureux, E and Milea, D and Meriaudeau, F},
  Year                     = {2016},
  Pages                    = {97852O--97852O},

  Booktitle                = {SPIE Medical Imaging},
  Organization             = {International Society for Optics and Photonics}
}

@Article{sinthanayothin1999automated,
  Title                    = {Automated localisation of the optic disc, fovea, and retinal blood vessels from digital colour fundus images},
  Author                   = {Sinthanayothin, Chanjira and Boyce, James F and Cook, Helen L and Williamson, Thomas H},
  Journal                  = {British Journal of Ophthalmology},
  Year                     = {1999},
  Number                   = {8},
  Pages                    = {902--910},
  Volume                   = {83},

  Publisher                = {BMJ Publishing Group Ltd.}
}

@Article{de2015localization,
  Title                    = {Localization of Damage in Progressive Hydroxychloroquine Retinopathy On and Off the Drug: Inner Versus Outer Retina, Parafovea Versus Peripheral FoveaRetinal Layers in Progressive HCQ Retinopathy},
  Author                   = {de Sisternes, Luis and Hu, Julia and Rubin, Daniel L and Marmor, Michael F},
  Journal                  = {Investigative ophthalmology \& visual science},
  Year                     = {2015},
  Number                   = {5},
  Pages                    = {3415--3426},
  Volume                   = {56},

  Publisher                = {The Association for Research in Vision and Ophthalmology}
}

@Article{srinivasan2014fully,
  Title                    = {Fully automated detection of diabetic macular edema and dry age-related macular degeneration from optical coherence tomography images},
  Author                   = {Srinivasan, Pratul P and Kim, Leo A and Mettu, Priyatham S and Cousins, Scott W and Comer, Grant M and Izatt, Joseph A and Farsiu, Sina},
  Journal                  = {Biomedical optics express},
  Year                     = {2014},
  Number                   = {10},
  Pages                    = {3568--3577},
  Volume                   = {5},

  Publisher                = {Optical Society of America}
}

@Article{strenk2004magnetic,
  Title                    = {Magnetic resonance imaging study of the effects of age and accommodation on the human lens cross-sectional area},
  Author                   = {Strenk, Susan A and Strenk, Lawrence M and Semmlow, John L and DeMarco, J Kevin},
  Journal                  = {Investigative ophthalmology \& visual science},
  Year                     = {2004},
  Number                   = {2},
  Pages                    = {539--545},
  Volume                   = {45},

  Publisher                = {The Association for Research in Vision and Ophthalmology}
}

@Article{sun2012automatic,
  Title                    = {Automatic target detection in high-resolution remote sensing images using spatial sparse coding bag-of-words model},
  Author                   = {Sun, Hao and Sun, Xian and Wang, Hongqi and Li, Yu and Li, Xiangjuan},
  Journal                  = {Geoscience and Remote Sensing Letters, IEEE},
  Year                     = {2012},
  Number                   = {1},
  Pages                    = {109--113},
  Volume                   = {9},

  Publisher                = {IEEE}
}

@Article{venhuizen2015automated,
  Title                    = {Automated age-related macular degeneration classification in OCT using unsupervised feature learning},
  Author                   = {Venhuizen, Freerk G and van Ginneken, Bram and Bloemen, Bart and van Grinsven, Mark JJP and Philipsen, Rick and Hoyng, Carel and Theelen, Thomas and S{\'a}nchez, Clarisa I},
  Year                     = {2015},
  Pages                    = {94141I--94141I},

  Booktitle                = {SPIE Medical Imaging},
  Organization             = {International Society for Optics and Photonics}
}

@Article{vermeer2011automated,
  Title                    = {Automated segmentation by pixel classification of retinal layers in ophthalmic OCT images},
  Author                   = {Vermeer, KA and Van der Schoot, J and Lemij, HG and De Boer, JF},
  Journal                  = {Biomedical optics express},
  Year                     = {2011},
  Number                   = {6},
  Pages                    = {1743--1756},
  Volume                   = {2},

  Publisher                = {Optical Society of America}
}

@Article{vos2013years,
  Title                    = {Years lived with disability (YLDs) for 1160 sequelae of 289 diseases and injuries 1990--2010: a systematic analysis for the Global Burden of Disease Study 2010},
  Author                   = {Vos, Theo and Flaxman, Abraham D and Naghavi, Mohsen and Lozano, Rafael and Michaud, Catherine and Ezzati, Majid and Shibuya, Kenji and Salomon, Joshua A and Abdalla, Safa and Aboyans, Victor and others},
  Journal                  = {The Lancet},
  Year                     = {2013},
  Number                   = {9859},
  Pages                    = {2163--2196},
  Volume                   = {380},

  Publisher                = {Elsevier}
}

@Article{warfield2004simultaneous,
  Title                    = {Simultaneous truth and performance level estimation (STAPLE): an algorithm for the validation of image segmentation},
  Author                   = {Warfield, Simon K and Zou, Kelly H and Wells, William M},
  Journal                  = {Medical Imaging, IEEE Transactions on},
  Year                     = {2004},
  Number                   = {7},
  Pages                    = {903--921},
  Volume                   = {23},

  Publisher                = {IEEE}
}

@Article{wilkinson2003proposed,
  Title                    = {Proposed international clinical diabetic retinopathy and diabetic macular edema disease severity scales},
  Author                   = {Wilkinson, CP and Ferris, Frederick L and Klein, Ronald E and Lee, Paul P and Agardh, Carl David and Davis, Matthew and Dills, Diana and Kampik, Anselm and Pararajasegaram, R and Verdaguer, Juan T and others},
  Journal                  = {Ophthalmology},
  Year                     = {2003},
  Number                   = {9},
  Pages                    = {1677--1682},
  Volume                   = {110},

  Publisher                = {Elsevier}
}

@Article{yeager1981prevention,
  Title                    = {Prevention of transfusion-acquired cytomegalovirus infections in newborn infants},
  Author                   = {Yeager, Anne S and Grumet, F Carl and Hafleigh, Elizabeth B and Arvin, Ann M and Bradley, John S and Prober, Charles G},
  Journal                  = {The Journal of pediatrics},
  Year                     = {1981},
  Number                   = {2},
  Pages                    = {281--287},
  Volume                   = {98},

  Publisher                = {Elsevier}
}

@Misc{cataracts2016,
  Title                    = {Cataracts},

  Authors                  = {MARK},
  Owner                    = {kalsaih},
  Timestamp                = {2016.05.30},
  Url                      = {http://images.google.fr/imgres?imgurl=http%3A%2F%2Fmarklatina.com%2Fwp-content%2Fuploads%2F2016%2F02%2FCataractsBA.jpg&imgrefurl=http%3A%2F%2Fmarklatina.com%2Fservices%2Fcataracts%2F&h=403&w=362&tbnid=eUudwEgdp2sK_M%3A&docid=mhGWYX4JY6AQ2M&ei=RCtMV47nCcLtaIu6sagD&tbm=isch&client=ubuntu&iact=rc&uact=3&dur=3625&page=2&start=20&ndsp=30&ved=0ahUKEwiOmcP534HNAhXCNhoKHQtdDDUQMwhjKBYwFg&bih=929&biw=1280}
}

@Misc{centralloss,
  Title                    = {Central Loss of central vision},

  Authors                  = {blindness},
  Owner                    = {kalsaih},
  Timestamp                = {2016.05.02},
  Url                      = {http://www.blindness.org/blog/index.php/why-face-recognition-can-be-difficult-with-central-vision-loss/}
}

@Misc{CMV,
  Title                    = {CMV},

  Authors                  = {blindness},
  Owner                    = {kalsaih},
  Timestamp                = {2016.05.30},
  Url                      = {http://images.google.fr/imgres?imgurl=http%3A%2F%2Fwww.indmedica.com%2Fjournals%2Fimages%2Fijpd%2FIJPD_003_004_opth_fig4_sm.jpg&imgrefurl=http%3A%2F%2Fwww.indmedica.com%2Fjournals.php%3Fjournalid%3D3%26issueid%3D84%26articleid%3D1145%26action%3Darticle&h=211&w=300&tbnid=7Q-YRayjoAR47M%3A&docid=Be6iQuOJf0U6YM&ei=kS5MV9LZHIfwUPv2g_gM&tbm=isch&client=ubuntu&iact=rc&uact=3&dur=233&page=11&start=339&ndsp=41&ved=0ahUKEwiS5syM44HNAhUHOBQKHXv7AM84rAIQMwhnKDIwMg&bih=929&biw=1280}
}

@Misc{confusion,
  Title                    = {Confusion Matrix for evaluation},

  Authors                  = {Google},
  Owner                    = {kalsaih},
  Timestamp                = {2016.05.18},
  Url                      = {http://images.google.fr/imgres?imgurl=http%3A%2F%2Flh3.ggpht.com%2F_qIDcOEX659I%2FSzjW6wGbmyI%2FAAAAAAAAAtY%2FNls9tSN6DgU%2Fcontingency_thumb%25255B3%25255D.png%253Fimgmax%253D800&imgrefurl=http%3A%2F%2Fwww.codeproject.com%2FArticles%2F55695%2FDiscriminatory-Power-Analysis-by-Receiver-Operatin&h=462&w=699&tbnid=mJkXHtF6fKcjWM%3A&docid=3r9ZcHpYJKfYMM&ei=1YFFV-v-MoGuaemdrUg&tbm=isch&client=ubuntu&iact=rc&uact=3&dur=498&page=2&start=20&ndsp=30&ved=0ahUKEwirvYTDhfXMAhUBVxoKHelOCwkQMwhlKBcwFw&bih=929&biw=1280}
}

@Misc{DR2016,
  Title                    = {DR},

  Authors                  = {EyeDoctors - Airdrie family},
  Owner                    = {kalsaih},
  Timestamp                = {2016.05.30},
  Url                      = {http://images.google.fr/imgres?imgurl=http%3A%2F%2Fboardwalkoptometrists.com%2Fwp-content%2Fuploads%2F2015%2F11%2Fnormal-and-damaged_diabetic-retinopathy1.jpg&imgrefurl=http%3A%2F%2Fwaterloovisioncare.com%2Fdiabetic-retinopathy%2F&h=295&w=526&tbnid=OJRa3j_IRXMZ8M%3A&docid=N-3_41cUAvec7M&ei=mS9MV4PXB8L0UJTGpFg&tbm=isch&client=ubuntu&iact=rc&uact=3&dur=447&page=1&start=0&ndsp=20&ved=0ahUKEwjDh6mK5IHNAhVCOhQKHRQjCQsQMwg8KAUwBQ&bih=929&biw=1280}
}

@Misc{eyeimage,
  Title                    = {Eye Anatomy},

  Authors                  = {EyeDoctors - Airdrie family},
  Owner                    = {kalsaih},
  Timestamp                = {2016.05.02},
  Url                      = {http://www.airdriefamilyeyedoctors.com/anatomy.php}
}

@Misc{fundus2016,
  Title                    = {Fundus imaging},

  Authors                  = {blindness},
  Owner                    = {kalsaih},
  Timestamp                = {2016.05.30},
  Url                      = {http://images.google.fr/imgres?imgurl=http%3A%2F%2Fwww.njvision.net%2Fwp-content%2Fuploads%2F2015%2F05%2Ffaaea6a30b6bc45994eb59cf2062b659-300x300.jpg&imgrefurl=http%3A%2F%2Fwww.njvision.net%2Four-services%2Ffundus-photography%2F&h=300&w=300&tbnid=jaK1vLyDkh4XgM%3A&docid=nm4Oh_IYimzpnM&ei=-ExMV-GiJ4H5UrrbpcAD&tbm=isch&client=ubuntu&iact=rc&uact=3&dur=357&page=1&start=0&ndsp=27&ved=0ahUKEwjh_vOLgILNAhWBvBQKHbptCTgQMwhUKBkwGQ&bih=929&biw=1280}
}

@Misc{Glaucoma,
  Title                    = {Glaucoma},

  Authors                  = {Willisomon},
  Owner                    = {kalsaih},
  Timestamp                = {2016.05.30},
  Url                      = {http://images.google.fr/imgres?imgurl=http%3A%2F%2Fwww.williamsoneyeinstitute.com%2Fwp-content%2Fuploads%2F2015%2F08%2Fglaucoma-eye-procedures-williamson-lafayette-indiana.jpg&imgrefurl=http%3A%2F%2Fwww.williamsoneyeinstitute.com%2Fglaucoma%2F&h=1200&w=3004&tbnid=xERO0233Y4GF4M%3A&docid=EC1VbbYEED_ieM&ei=ADJMV9LCHYv-UK-EtbgM&tbm=isch&client=ubuntu&iact=rc&uact=3&dur=3078&page=1&start=0&ndsp=20&ved=0ahUKEwjSwt-v5oHNAhULPxQKHS9CDccQMwg1KAIwAg&bih=929&biw=1280}
}

@Misc{MRI2016,
  Title                    = {MRI},

  Authors                  = {blindness},
  Owner                    = {kalsaih},
  Timestamp                = {2016.05.30},
  Url                      = {http://images.google.fr/imgres?imgurl=http%3A%2F%2Fmedicineworld.org%2Fimages%2Fblogs%2F11-2006%2Feye-retina-7810.jpg&imgrefurl=http%3A%2F%2Fmedicineworld.org%2Fcancer%2Flead%2F11-2006%2Fprogress-on-retinal-degenerative-diseases.html&h=320&w=400&tbnid=wp4rP3dR_mhhmM%3A&docid=siboOa0gXvCozM&ei=zUdMV_v7LYKhUciVl6gH&tbm=isch&client=ubuntu&iact=rc&uact=3&dur=808&page=1&start=0&ndsp=30&ved=0ahUKEwi7lo2V-4HNAhWCUBQKHcjKBXUQMwg3KA0wDQ&bih=929&biw=1280}
}

@Misc{ocularultra,
  Title                    = {Ocular},

  Authors                  = {blindness},
  Owner                    = {kalsaih},
  Timestamp                = {2016.05.30},
  Url                      = {http://images.google.fr/imgres?imgurl=http%3A%2F%2Fwww.itumor.org%2Fuploads%2F6%2F9%2F8%2F0%2F6980618%2F5764092_orig.jpg&imgrefurl=http%3A%2F%2Fwww.itumor.org%2Focular-ultrasonography.html&h=312&w=416&tbnid=BszZy3BCdaDb5M%3A&docid=9lxB06IXqLe8LM&ei=DkVMV-29B4WqU7XduIgF&tbm=isch&client=ubuntu&iact=rc&uact=3&dur=967&page=1&start=0&ndsp=30&ved=0ahUKEwjt_MrF-IHNAhUF1RQKHbUuDlEQMwgtKAgwCA&bih=929&biw=1280}
}

@Misc{retinaimage,
  Title                    = {Retina Anatomy},

  Authors                  = {Antranik},
  Owner                    = {kalsaih},
  Timestamp                = {2016.05.02},
  Url                      = {http://antranik.org/the-eye-and-vision/}
}

@Misc{retinaldetachment,
  Title                    = {retinal detachment},

  Authors                  = {Bupa},
  Owner                    = {kalsaih},
  Timestamp                = {2016.05.30},
  Url                      = {http://images.google.fr/imgres?imgurl=http%3A%2F%2Fwww.bupa.co.uk%2F~%2Fmedia%2FImages%2FHealthManagement%2FTopics%2Fretinal_detachment.ashx&imgrefurl=http%3A%2F%2Fwww.bupa.co.uk%2Fhealth-information%2Fdirectory%2Fr%2Fretinal-detachment&h=450&w=490&tbnid=uJXMO2Xe-zHrQM%3A&docid=SekIMHiEo_ebqM&ei=wDJMV9ulDIG0UdmDjagD&tbm=isch&client=ubuntu&iact=rc&uact=3&dur=392&page=1&start=0&ndsp=25&ved=0ahUKEwjbhZWL54HNAhUBWhQKHdlBAzUQMwhEKAkwCQ&bih=929&biw=1280}
}

@Misc{SF2016,
  Title                    = {SF and ultralsonic},

  Authors                  = {blindness},
  Owner                    = {kalsaih},
  Timestamp                = {2016.05.30},
  Url                      = {http://images.google.fr/imgres?imgurl=http%3A%2F%2Fwww.nature.com%2Feye%2Fjournal%2Fv22%2Fn2%2Fimages%2F6702829f6.jpg&imgrefurl=http%3A%2F%2Fwww.nature.com%2Feye%2Fjournal%2Fv22%2Fn2%2Ffig_tab%2F6702829f6.html&h=381&w=819&tbnid=WCBFpDSGjHOkcM%3A&docid=5FH6UUCXswXskM&ei=LkBMV9C1OojXUYiZoMgD&tbm=isch&client=ubuntu&iact=rc&uact=3&dur=310&page=5&start=126&ndsp=35&ved=0ahUKEwjQhPLy84HNAhWIaxQKHYgMCDk4ZBAzCGUoMTAx&bih=929&biw=1280}
}

@Misc{SFO,
  Title                    = {SFO},

  Authors                  = {blindness},
  Owner                    = {kalsaih},
  Timestamp                = {2016.05.02},
  Url                      = {http://images.google.fr/imgres?imgurl=http%3A%2F%2Fwww.opsweb.org%2Fresource%2Fresmgr%2Fop_fundus%2Fslo_composite1.jpg&imgrefurl=http%3A%2F%2Fwww.opsweb.org%2F%3Fpage%3DSLO&h=186&w=560&tbnid=LfMcrYdnwwd0PM%3A&docid=9m7e5yDdeidzcM&ei=vUJMV8OJHsj8UPj2nLAB&tbm=isch&client=ubuntu&iact=rc&uact=3&dur=311&page=1&start=0&ndsp=26&ved=0ahUKEwiD3P-q9oHNAhVIPhQKHXg7BxYQMwgpKAYwBg&bih=929&biw=1280}
}

@Misc{SVMmethod,
  Title                    = {SVM},

  Authors                  = {wikipedia},
  Owner                    = {kalsaih},
  Timestamp                = {2016.05.16},
  Url                      = {https://en.wikipedia.org/wiki/Support_vector_machine#/media/File:Svm_separating_hyperplanes_(SVG).svg}
}

@Misc{SVMmethodkernal,
  Title                    = {SVM},

  Authors                  = {wikipedia},
  Owner                    = {kalsaih},
  Timestamp                = {2016.05.16},
  Url                      = {https://en.wikipedia.org/wiki/Support_vector_machine#/media/File:Kernel_Machine.png}
}

